
@article{trischler2023,
	title = {Digital business model innovation: toward construct clarity and future research directions},
	author = {Trischler, Matthias Fabian Gregersen and Li-Ying, Jason},
	year = {2023},
	month = {01},
	date = {2023-01-01},
	journal = {Review of Managerial Science},
	pages = {3--32},
	volume = {17},
	number = {1},
	doi = {10.1007/s11846-021-00508-2},
	url = {https://doi.org/10.1007/s11846-021-00508-2},
	langid = {en}
}

@article{ciarli2021,
	title = {Digital technologies, innovation, and skills: Emerging trajectories and challenges},
	author = {Ciarli, Tommaso and Kenney, Martin and Massini, Silvia and Piscitello, Lucia},
	year = {2021},
	month = {09},
	date = {2021-09},
	journal = {Research Policy},
	pages = {104289},
	volume = {50},
	number = {7},
	doi = {10.1016/j.respol.2021.104289},
	url = {https://linkinghub.elsevier.com/retrieve/pii/S0048733321000913},
	langid = {en}
}

@article{jeganjosephjerome2024,
	title = {Achieving competitive advantage through technology-driven proactive supply chain risk management: an empirical study},
	author = {Jegan Joseph Jerome, Jude and Sonwaney, Vandana and Bryde, David and Graham, Gary},
	year = {2024},
	month = {01},
	date = {2024-01-01},
	journal = {Annals of Operations Research},
	pages = {149--190},
	volume = {332},
	number = {1},
	doi = {10.1007/s10479-023-05604-y},
	url = {https://doi.org/10.1007/s10479-023-05604-y},
	langid = {en}
}

@article{pejicbach2013,
	title = {Review of corporate digital divide research: A decadal analysis (2003-2012)},
	author = {Pejic Bach, Mirjana and Zoroja, Jovana and Vuksic, Vesna},
	year = {2013},
	month = {01},
	date = {2013-01-01},
	journal = {International Journal of Information Systems and Project Management},
	pages = {41--55},
	volume = {1},
	doi = {10.12821/ijispm010403}
}

@article{shakina2021,
	title = {Rethinking the corporate digital divide: The complementarity of technologies and the demand for digital skills},
	author = {Shakina, Elena. and Parshakov, Petr. and Alsufiev, Artem.},
	year = {2021},
	month = {01},
	date = {2021-01},
	journal = {Technological Forecasting and Social Change},
	pages = {120405},
	volume = {162},
	doi = {10.1016/j.techfore.2020.120405},
	url = {https://www.sciencedirect.com/science/article/pii/S0040162520312312},
	note = {Citation Key: shakina2021},
	langid = {en}
}

@article{acilar2021,
	title = {Factors Contributing to the Business Digital Divide: A Systematic Literature Review},
	author = {Acilar, Ali and Olsen, {Dag Håkon} and Garmann-Johnsen, Niels Frederik and Eikebrokk, Tom},
	year = {2021},
	month = {01},
	date = {2021-01-01},
	journal = {BLED 2021 Proceedings},
	url = {https://aisel.aisnet.org/bled2021/17}
}

@article{thonipara2023,
	title = {Digital divide, craft firms{\textquoteright} websites and urban-rural disparities{\textemdash}empirical evidence from a web-scraping approach},
	author = {Thonipara, Anita and Sternberg, Rolf and Proeger, Till and Haefner, Lukas},
	year = {2023},
	month = {04},
	date = {2023-04-01},
	journal = {Review of Regional Research},
	pages = {69--99},
	volume = {43},
	number = {1},
	doi = {10.1007/s10037-022-00170-5},
	url = {https://doi.org/10.1007/s10037-022-00170-5},
	langid = {en}
}

@article{lythreatis2022,
	title = {The digital divide: A review and future research agenda},
	author = {Lythreatis, Sophie and Singh, Sanjay Kumar and El-Kassar, Abdul-Nasser},
	year = {2022},
	month = {02},
	date = {2022-02-01},
	journal = {Technological Forecasting and Social Change},
	pages = {121359},
	volume = {175},
	doi = {10.1016/j.techfore.2021.121359},
	url = {https://www.sciencedirect.com/science/article/pii/S0040162521007903},
	langid = {en}
}

@article{souza2017,
	title = {Digital Divide of Small and Medium-Sized Enterprises: An Analysis of Influencing Factors Using the Toe Theory},
	author = {Souza, Cesar Alexandre De and Reinhard, Nicolau and Siqueira, {Érica Souza}},
	year = {2017},
	date = {2017},
	journal = {RAM. Revista de Administração Mackenzie},
	pages = {15--48},
	volume = {18},
	number = {2},
	url = {https://www.redalyc.org/articulo.oa?id=195451649002},
	note = {Publisher: Universidade Presbiteriana Mackenzie},
	langid = {Inglés}
}

@article{Shakina2021,
	title = {Rethinking the corporate digital divide: The complementarity of technologies and the demand for digital skills},
	author = {Shakina, Elena and Parshakov, Petr and Alsufiev, Artem},
	year = {2021},
	month = {01},
	date = {2021-01},
	journal = {Technological Forecasting and Social Change},
	pages = {120405},
	volume = {162},
	doi = {10.1016/j.techfore.2020.120405},
	url = {https://linkinghub.elsevier.com/retrieve/pii/S0040162520312312},
	note = {Citation Key: Shakina2021
Publisher: North-Holland}
}

@article{shakina2021a,
	title = {Rethinking the corporate digital divide: The complementarity of technologies and the demand for digital skills},
	author = {Shakina, Elena and Parshakov, Petr and Alsufiev, Artem},
	year = {2021},
	month = {01},
	date = {2021-01-01},
	journal = {Technological Forecasting and Social Change},
	pages = {120405},
	volume = {162},
	doi = {10.1016/j.techfore.2020.120405},
	url = {https://www.sciencedirect.com/science/article/pii/S0040162520312312}
}

@article{souza2017a,
	title = {DIGITAL DIVIDE OF SMALL AND MEDIUM-SIZED ENTERPRISES: AN ANALYSIS OF INFLUENCING FACTORS USING THE TOE THEORY},
	author = {Souza, Cesar and Siqueira, {Érica} and Reinhard, Nicolau},
	year = {2017},
	month = {04},
	date = {2017-04-01},
	journal = {RAM. Revista de Administração Mackenzie},
	pages = {15--48},
	volume = {18},
	doi = {10.1590/1678-69712017/administracao.v18n2p15-48}
}

@article{souza2017b,
	title = {DIGITAL DIVIDE OF SMALL AND MEDIUM-SIZED ENTERPRISES: AN ANALYSIS OF INFLUENCING FACTORS USING THE TOE THEORY},
	author = {Souza, Cesar and Siqueira, {Érica} and Reinhard, Nicolau},
	year = {2017},
	month = {04},
	date = {2017-04-01},
	journal = {RAM. Revista de Administração Mackenzie},
	pages = {15--48},
	volume = {18},
	doi = {10.1590/1678-69712017/administracao.v18n2p15-48}
}

@article{souza2017c,
	title = {DIGITAL DIVIDE OF SMALL AND MEDIUM-SIZED ENTERPRISES: AN ANALYSIS OF INFLUENCING FACTORS USING THE TOE THEORY},
	author = {Souza, Cesar and Siqueira, {Érica} and Reinhard, Nicolau},
	year = {2017},
	month = {04},
	date = {2017-04-01},
	journal = {RAM. Revista de Administração Mackenzie},
	pages = {15--48},
	volume = {18},
	doi = {10.1590/1678-69712017/administracao.v18n2p15-48}
}

@article{souza2017d,
	title = {DIGITAL DIVIDE OF SMALL AND MEDIUM-SIZED ENTERPRISES: AN ANALYSIS OF INFLUENCING FACTORS USING THE TOE THEORY},
	author = {Souza, Cesar Alexandre De and Siqueira, {Érica Souza} and Reinhard, Nicolau},
	year = {2017},
	month = {04},
	date = {2017-04},
	journal = {RAM. Revista de Administração Mackenzie},
	pages = {15--48},
	volume = {18},
	number = {2},
	doi = {10.1590/1678-69712017/administracao.v18n2p15-48},
	url = {http://www.scielo.br/scielo.php?script=sci_arttext&pid=S1678-69712017000200015&lng=en&tlng=en}
}

@article{siqueira2019,
	title = {Using a digital divide index among enterprises in the context of public policies in Brazil},
	author = {Siqueira, Erica S. and de Souza, Cesar Alexandre and Barbosa, Alexandre F.},
	year = {2019},
	date = {2019},
	journal = {THE ELECTRONIC JOURNAL OF INFORMATION SYSTEMS IN DEVELOPING COUNTRIES},
	pages = {e12088},
	volume = {85},
	number = {3},
	doi = {10.1002/isd2.12088},
	url = {https://onlinelibrary.wiley.com/doi/abs/10.1002/isd2.12088},
	note = {{\_}eprint: https://onlinelibrary.wiley.com/doi/pdf/10.1002/isd2.12088},
	langid = {en}
}

@article{vehovar2006,
	title = {Methodological Challenges of Digital Divide Measurements},
	author = {Vehovar, Vasja and Sicherl, Pavle and {Hüsing}, Tobias and Dolnicar, Vesna},
	year = {2006},
	month = {12},
	date = {2006-12-01},
	journal = {Inf. Soc.},
	pages = {279--290},
	volume = {22},
	doi = {10.1080/01972240600904076}
}

@article{forman2002,
	title = {The Corporate Digital Divide},
	author = {Forman, Christopher},
	year = {2002},
	date = {2002},
	url = {https://www.wider.unu.edu/publication/corporate-digital-divide}
}

@inbook{ndulu2022,
	title = {The Digital Divide in South Africa: Insights from the COVID-19 Experience and Beyond},
	author = {Ndulu, Benno and Ngwenya, Nomfundo Xenia and Setlhalogile, Matlala},
	editor = {Qobo, Mzukisi and Soko, Mills and Xenia Ngwenya, Nomfundo},
	year = {2022},
	date = {2022},
	publisher = {Springer International Publishing},
	pages = {273--295},
	doi = {10.1007/978-3-031-10576-0_11},
	url = {https://doi.org/10.1007/978-3-031-10576-0_11},
	note = {DOI: 10.1007/978-3-031-10576-0{\_}11},
	address = {Cham},
	langid = {en}
}

@article{usai2021,
	title = {Unveiling the impact of the adoption of digital technologies on firms{\textquoteright} innovation performance},
	author = {Usai, A. and Fiano, F. and Messeni Petruzzelli, A. and Paoloni, P. and Farina Briamonte, M. and Orlando, B.},
	year = {2021},
	month = {09},
	date = {2021-09},
	journal = {Journal of Business Research},
	pages = {327--336},
	volume = {133},
	doi = {10.1016/j.jbusres.2021.04.035},
	url = {https://linkinghub.elsevier.com/retrieve/pii/S0148296321002733},
	langid = {en}
}

@article{cusolito2020,
	title = {The Effects of Digital-Technology Adoption on Productivity and Factor Demand : Firm-level Evidence from Developing Countries},
	author = {Cusolito, Ana Paula and Lederman, Daniel and Pena, Jorge O.},
	year = {2020},
	month = {07},
	date = {2020-07-23},
	journal = {Policy Research Working Paper Series},
	series = {Policy Research Working Paper Series},
	url = {https://ideas.repec.org//p/wbk/wbrwps/9333.html},
	note = {Number: 9333
Publisher: The World Bank},
	langid = {en}
}

@article{vasilescu2020,
	title = {Digital divide, skills and perceptions on digitalisation in the European Union{\textemdash}Towards a smart labour market},
	author = {Vasilescu, Maria Denisa and Serban, Andreea Claudia and Dimian, Gina Cristina and Aceleanu, Mirela Ionela and Picatoste, Xose},
	year = {2020},
	month = {04},
	date = {2020-04-23},
	journal = {PLoS ONE},
	pages = {e0232032},
	volume = {15},
	number = {4},
	doi = {10.1371/journal.pone.0232032},
	url = {https://www.ncbi.nlm.nih.gov/pmc/articles/PMC7179921/},
	note = {PMID: 32324786
PMCID: PMC7179921}
}

@article{patti2023,
	title = {Keep up with the modern joneses: an empirical analysis of the digital divide in Italy},
	author = {Patti, Alessandra and Schifilliti, Valeria},
	year = {2023},
	date = {2023},
	journal = {Applied Economics Letters},
	pages = {1{\textendash}9},
	volume = {0},
	number = {0},
	doi = {10.1080/13504851.2023.2292658},
	url = {https://doi.org/10.1080/13504851.2023.2292658},
	note = {Publisher: Routledge
{\_}eprint: https://doi.org/10.1080/13504851.2023.2292658}
}

@book{cirera2022,
	title = {Bridging the Technological Divide: Technology Adoption in Firms in Developing Countries},
	author = {Cirera, Xavier and Comin, Diego and Cruz, Marcio},
	year = {2022},
	month = {06},
	date = {2022-06-30},
	publisher = {World Bank Publications},
	langid = {English}
}
